@article{Zhang2000199,
title = "A review of high-level synthesis for dynamically reconfigurable \{FPGAs\} ",
journal = "Microprocessors and Microsystems ",
volume = "24",
number = "4",
pages = "199 - 211",
year = "2000",
note = "",
issn = "0141-9331",
doi = "http://dx.doi.org/10.1016/S0141-9331(00)00074-0",
url = "http://www.sciencedirect.com/science/article/pii/S0141933100000740",
author = "Xuejie Zhang and Kam W Ng",
keywords = "Field programmable gate arrays",
keywords = "Dynamically reconfigurable systems",
keywords = "High-level synthesis "
}

@article{martin2009high,
  title={High-level synthesis: Past, present, and future},
  author={Martin, Grant and Smith, Gary},
  journal={IEEE Design \& Test of Computers},
  number={4},
  pages={18--25},
  year={2009},
  publisher={IEEE}
}

@ARTICLE{5737854,
author={J. Cong and B. Liu and S. Neuendorffer and J. Noguera and K. Vissers and Z. Zhang},
journal={IEEE Transactions on Computer-Aided Design of Integrated Circuits and Systems},
title={High-Level Synthesis for FPGAs: From Prototyping to Deployment},
year={2011},
volume={30},
number={4},
pages={473-491},
keywords={field programmable gate arrays;network synthesis;system-on-chip;AutoESL AutoPilot HLS tool;C-to-FPGA synthesis solutions;SoC;Xilinx FPGA;commercial high-level synthesis systems;domain-specific system-level implementation platforms;field-programmable gate array designs;hand-coded design;improved design productivity;platform-based modeling;register transfer level;robust compilation technology;sphere decoder;system-on-chip design complexity;wide language coverage;Algorithm design and analysis;Field programmable gate arrays;Hardware;Optimization;Program processors;System-on-a-chip;Domain-specific design;field-programmable gate array (FPGA);high-level synthesis (HLS);quality of results (QoR)},
doi={10.1109/TCAD.2011.2110592},
ISSN={0278-0070},
month={April},}

@article{trimberger2015three,
  title={Three Ages of FPGAs: A Retrospective on the First Thirty Years of FPGA Technology},
  author={Trimberger, Stephen M},
  journal={Proceedings of the IEEE},
  volume={103},
  number={3},
  pages={318--331},
  year={2015},
  publisher={IEEE}
}

@ARTICLE{7368920,
author={R. Nane and V. M. Sima and C. Pilato and J. Choi and B. Fort and A. Canis and Y. T. Chen and H. Hsiao and S. Brown and F. Ferrandi and J. Anderson and K. Bertels},
journal={IEEE Transactions on Computer-Aided Design of Integrated Circuits and Systems},
title={A Survey and Evaluation of FPGA High-Level Synthesis Tools},
year={2016},
volume={PP},
number={99},
pages={1-1},
keywords={Field programmable gate arrays;Hardware;Hardware design languages;Optimization;Program processors;Yttrium;Evaluation;High-Level Synthesis;Survey},
doi={10.1109/TCAD.2015.2513673},
ISSN={0278-0070},
month={},}

@article{cardoso2010compiling,
  title={Compiling for reconfigurable computing: A survey},
  author={Cardoso, Jo{\~a}o MP and Diniz, Pedro C and Weinhardt, Markus},
  journal={ACM Computing Surveys (CSUR)},
  volume={42},
  number={4},
  pages={13},
  year={2010},
  publisher={ACM}
}

@article{meeus2012overview,
  title={An overview of today’s high-level synthesis tools},
  author={Meeus, Wim and Van Beeck, Kristof and Goedem{\'e}, Toon and Meel, Jan and Stroobandt, Dirk},
  journal={Design Automation for Embedded Systems},
  volume={16},
  number={3},
  pages={31--51},
  year={2012},
  publisher={Springer}
}

@article{compton2002reconfigurable,
  title={Reconfigurable computing: a survey of systems and software},
  author={Compton, Katherine and Hauck, Scott},
  journal={ACM Computing Surveys (csuR)},
  volume={34},
  number={2},
  pages={171--210},
  year={2002},
  publisher={ACM}
}

@inproceedings{canis2011legup,
  title={LegUp: high-level synthesis for FPGA-based processor/accelerator systems},
  author={Canis, Andrew and Choi, Jongsok and Aldham, Mark and Zhang, Victor and Kammoona, Ahmed and Anderson, Jason H and Brown, Stephen and Czajkowski, Tomasz},
  booktitle={Proceedings of the 19th ACM/SIGDA international symposium on Field programmable gate arrays},
  pages={33--36},
  year={2011},
  organization={ACM}
}

@INPROCEEDINGS{7294024,
author={S. T. Fleming and I. Beretta and D. B. Thomas and G. A. Constantinides and D. R. Ghica},
booktitle={2015 25th International Conference on Field Programmable Logic and Applications (FPL)},
title={PushPush: Seamless integration of hardware and software objects via function calls over AXI},
year={2015},
pages={1-8},
keywords={field programmable gate arrays;object-oriented programming;shared memory systems;system-on-chip;ARM;AXI;Avalon;C++;CPU;FPGA systems;Linux;Microblaze;PushPush;RTL;Verity;Vivado HLS;Zynq environment;development tools;function calls;hardware objects;seamless integration;shared memory buses;software components;software objects;system-on-chip model;third-party IP cores;Finite impulse response filters;Hardware;IP networks;Linux;Protocols;Servers;Software},
doi={10.1109/FPL.2015.7294024},
ISSN={1946-147X},
month={Sept},}


@online{Xilly,
  author = {Xillybus},
  title = {An FPGA IP core for easy DMA over PCIe with Windows and Linux},
year = {2016},
  url = {http://xillybus.com/downloads/xillybus\_product_brief.pdf}
}

@inproceedings{adler2011leap,
  title={Leap scratchpads: automatic memory and cache management for reconfigurable logic},
  author={Adler, Michael and Fleming, Kermin E and Parashar, Angshuman and Pellauer, Michael and Emer, Joel},
  booktitle={Proceedings of the 19th ACM/SIGDA international symposium on Field programmable gate arrays},
  pages={25--28},
  year={2011},
  organization={ACM}
}

@article{jacobsen2015riffa,
  title={RIFFA 2.1: A Reusable Integration Framework for FPGA Accelerators},
  author={Jacobsen, Matthew and Richmond, Dustin and Hogains, Matthew and Kastner, Ryan},
  journal={ACM Transactions on Reconfigurable Technology and Systems (TRETS)},
  volume={8},
  number={4},
  pages={22},
  year={2015},
  publisher={ACM}
}

@inproceedings{panda2001systemc,
  title={SystemC-a modeling platform supporting multiple design abstractions},
  author={Panda, Preeti Ranjan},
  booktitle={System Synthesis, 2001. Proceedings. The 14th International Symposium on},
  pages={75--80},
  year={2001},
  organization={IEEE}
}

@inproceedings{loo2002handel,
  title={Handel-C for rapid prototyping of VLSI coprocessors for real time systems},
  author={Loo, SM and Wells, B Earl and Freije, N and Kulick, J},
  booktitle={System Theory, 2002. Proceedings of the Thirty-Fourth Southeastern Symposium on},
  pages={6--10},
  year={2002},
  organization={IEEE}
}

@inproceedings{vanmeerbeeck2001hardware,
  title={Hardware/software partitioning of embedded system in OCAPI-xl},
  author={Vanmeerbeeck, Geert and Schaumont, Patrick and Vernalde, Serge and Engels, Marc and Bolsens, Ivo},
  booktitle={Hardware/Software Codesign, 2001. CODES 2001. Proceedings of the Ninth International Symposium on},
  pages={30--35},
  year={2001},
  organization={IEEE}
}

@ARTICLE{7017495,
author={R. Membarth and O. Reiche and F. Hannig and J. Teich and M. Körner and W. Eckert},
journal={IEEE Transactions on Parallel and Distributed Systems},
title={HIPAcc: A Domain-Specific Language and Compiler for Image Processing},
year={2016},
volume={27},
number={1},
pages={210-224},
keywords={graphics processing units;image processing;parallel architectures;program compilers;specification languages;CUDA;DSL;GPU;HIPAcc;OpenCL;Renderscript;discrete graphics processing units;domain knowledge;domain-specific abstraction;domain-specific language;heterogeneous hardware;high-level abstraction;image processing;parallel hardware;peak memory bandwidth;source-to-source compiler;specialized algorithm variant;DSL;Graphics processing units;Hardware;Image processing;Indexes;Kernel;Optimization;CUDA;Domain-specific language;GPU;OpenCL;Renderscript;code generation;domain-specific language;image processing;source-to-source translation},
doi={10.1109/TPDS.2015.2394802},
ISSN={1045-9219},
month={Jan},}

@inproceedings{putnam2008chimps,
  title={CHiMPS: A C-level compilation flow for hybrid CPU-FPGA architectures},
  author={Putnam, Andrew and Bennett, Dave and Dellinger, Eric and Mason, Jeff and Sundararajan, Prasanna and Eggers, Susan},
  booktitle={Field Programmable Logic and Applications, 2008. FPL 2008. International Conference on},
  pages={173--178},
  year={2008},
  organization={IEEE}
}

@incollection{bollaert2008catapult,
  title={Catapult synthesis: a practical introduction to interactive C synthesis},
  author={Bollaert, Thomas},
  booktitle={High-Level Synthesis},
  pages={29--52},
  year={2008},
  publisher={Springer}
}

@article{feist2012vivado,
  title={Vivado design suite},
  author={Feist, Tom},
  journal={White Paper},
  volume={5},
  year={2012}
}

@inproceedings{xu2010impulse,
  title={Impulse C vs. VHDL for accelerating tomographic reconstruction},
  author={Xu, Jimmy and Subramanian, Nikhil and Alessio, Adam and Hauck, Scott},
  booktitle={Field-Programmable Custom Computing Machines (FCCM), 2010 18th IEEE Annual International Symposium on},
  pages={171--174},
  year={2010},
  organization={IEEE}
}

@inproceedings{nane2012dwarv,
  title={DWARV 2.0: A CoSy-based C-to-VHDL hardware compiler},
  author={Nane, Razvan and Sima, Vlad-Mihai and Olivier, Bryan and Meeuws, Roel and Yankova, Yana and Bertels, Koen},
  booktitle={Field Programmable Logic and Applications (FPL), 2012 22nd International Conference on},
  pages={619--622},
  year={2012},
  organization={IEEE}
}

@online{Cadence,
  author = {Cadence},
  title = {C-to-Silicon Compiler High-Level Synthesis},
year = {2011},
  url = {https://www.cadence.com/rl/Resources/datasheets/C2Silicon\_ds.pdf}
}


@online{Synopsis,
  author = {Synopsis},
  title = {Synphony C Compiler },
year = {2011},
  url = {https://www.synopsys.com/Tools/Implementation/RTLSynthesis/Pages/SynphonyC-Compiler.aspx}
}

@online{Cadence2,
  author = {Cadence},
  title = {Cynthesizer Solution},
year = {2014},
  url = {http://www.cadence.com/rl/Resources/datasheets/cynthesizer\_ds.pdf}
}

@article{mencer2006asc,
  title={ASC: a stream compiler for computing with FPGAs},
  author={Mencer, Oskar},
  journal={Computer-Aided Design of Integrated Circuits and Systems, IEEE Transactions on},
  volume={25},
  number={9},
  pages={1603--1617},
  year={2006},
  publisher={IEEE}
}

@inproceedings{villarreal2010designing,
  title={Designing modular hardware accelerators in C with ROCCC 2.0},
  author={Villarreal, Jason and Park, Adrian and Najjar, Walid and Halstead, Robert},
  booktitle={Field-Programmable Custom Computing Machines (FCCM), 2010 18th IEEE Annual International Symposium on},
  pages={127--134},
  year={2010},
  organization={IEEE}
}

@article{nios2007c2h,
  title={C2H Compiler Users Guide},
  author={Nios, II},
  journal={Altera, May},
  year={2007}
}

@article{coussy2010gaut,
  title={GAUT--a free and open source high-level synthesis tool},
	year = {2010},
  author={Coussy, Philippe and Lhairech-Lebreton, Ghizlane and Heller, Dominique and Martin, Eric}
}

@article{tripp2007trident,
  title={Trident: From high-level language to hardware circuitry},
  author={Tripp, Justin L and Gokhale, Maya B and Peterson, Kristopher D},
  journal={Computer},
  number={3},
  pages={28--37},
  year={2007},
  publisher={IEEE}
}

@inproceedings{settle2013high,
  title={High-performance dynamic programming on FPGAs with OpenCL},
  author={Settle, Sean O},
  booktitle={Proc. IEEE High Perform. Extreme Comput. Conf.(HPEC)},
  pages={1--6},
  year={2013}
}

@inproceedings{fifield2016optimizing,
  title={Optimizing OpenCL applications on Xilinx FPGA},
  author={Fifield, Jeff and Keryell, Ronan and Ratigner, Herv{\'e} and Styles, Henry and Wu, Jim},
  booktitle={Proceedings of the 4th International Workshop on OpenCL},
  pages={5},
  year={2016},
  organization={ACM}
}

@inproceedings{papakonstantinou2009fcuda,
  title={FCUDA: Enabling efficient compilation of CUDA kernels onto FPGAs},
  author={Papakonstantinou, Alexandros and Gururaj, Karthik and Stratton, John A and Chen, Deming and Cong, Jason and Hwu, Wen-Mei W},
  booktitle={Application Specific Processors, 2009. SASP'09. IEEE 7th Symposium on},
  pages={35--42},
  year={2009},
  organization={IEEE}
}

@inproceedings{auerbach2010lime,
  title={Lime: a Java-compatible and synthesizable language for heterogeneous architectures},
  author={Auerbach, Joshua and Bacon, David F and Cheng, Perry and Rabbah, Rodric},
  booktitle={ACM Sigplan Notices},
  volume={45},
  number={10},
  pages={89--108},
  year={2010},
  organization={ACM}
}

@inproceedings{singh2008kiwi,
  title={Kiwi: Synthesis of FPGA circuits from parallel programs},
  author={Singh, Satnam and Greaves, David},
  booktitle={Field-Programmable Custom Computing Machines, 2008. FCCM'08. 16th International Symposium on},
  pages={3--12},
  year={2008},
  organization={IEEE}
}

@inproceedings{pilato2013bambu,
  title={Bambu: A modular framework for the high level synthesis of memory-intensive applications},
  author={Pilato, Christian and Ferrandi, Fabrizio},
  booktitle={Field Programmable Logic and Applications (FPL), 2013 23rd International Conference on},
  pages={1--4},
  year={2013},
  organization={IEEE}
}

@article{kavvadias2015source,
  title={Source and IR-level optimisations in the HercuLeS high-level synthesis tool},
  author={Kavvadias, Nikolaos and Masselos, Kostas},
  journal={International Journal of Innovation and Regional Development},
  volume={6},
  number={3},
  pages={243--266},
  year={2015},
  publisher={Inderscience Publishers (IEL)}
}

@article{hegarty2014darkroom,
  title={Darkroom: compiling high-level image processing code into hardware pipelines.},
  author={Hegarty, James and Brunhaver, John and DeVito, Zachary and Ragan-Kelley, Jonathan and Cohen, Noy and Bell, Steven and Vasilyev, Artem and Horowitz, Mark and Hanrahan, Pat},
	year = {2014},
  publisher={Citeseer}
}

@article{harmsen2012compiling,
  title={Compiling Recursion to Reconfigurable Hardware using CLaSH},
  author={Harmsen, Ruud},
  year={2012}
}

@article{singh2004designing,
  title={Designing FPGA circuits in Lava},
  author={Singh, Satnam and Sheeran, Mary},
  journal={Unpublished paper, http://www. gla. ac. uk/\~{} satnam/lava/lava\_intro. pdf},
  year={2004},
  publisher={Citeseer}
}

@inproceedings{li1995hml,
  title={HML: an innovative hardware description language and its translation to VHDL},
  author={Li, Yanbing and Leeser, Miriam},
  booktitle={Design Automation Conference, 1995. Proceedings of the ASP-DAC'95/CHDL'95/VLSI'95., IFIP International Conference on Hardware Description Languages. IFIP International Conference on Very Large Scal},
  pages={691--696},
  organization={IEEE}
}

@inproceedings{sander2009hardware,
  title={Hardware design and synthesis in ForSyDe},
  author={Sander, Ingo and Acosta, Alfonso and Jantsch, Axel},
  booktitle={Workshop on Hardware Design using Functional languages (HFL 09)},
  year={2009}
}

@incollection{hannig2008paro,
  title={PARO: Synthesis of hardware accelerators for multi-dimensional dataflow-intensive applications},
  author={Hannig, Frank and Ruckdeschel, Holger and Dutta, Hritam and Teich, J{\"u}rgen},
  booktitle={Reconfigurable Computing: Architectures, Tools and Applications},
  pages={287--293},
  year={2008},
  publisher={Springer}
}

@article{hammarberg2003development,
  title={Development of safety-critical reconfigurable hardware with Esterel},
  author={Hammarberg, Jerker and Nadjm-Tehrani, Simin},
  journal={Electronic Notes in Theoretical Computer Science},
  volume={80},
  pages={219--234},
  year={2003},
  publisher={Elsevier}
}

@inproceedings{derrien2000interfacing,
  title={Interfacing compiled FPGA programs: the MMAlpha approach},
  author={Derrien, Steven and Risset, Tanguy},
  booktitle={PDPTA},
  year={2000}
}

@inproceedings{aguilar2014compiling,
  title={Compiling higher order functional programs to composable digital hardware},
  author={Aguilar-Pelaez, Eduardo and Bayliss, Samuel and Smith, Alex and Winterstein, Felix and Ghica, Dan R and Thomas, David and Constantinides, George A},
  booktitle={Field-Programmable Custom Computing Machines (FCCM), 2014 IEEE 22nd Annual International Symposium on},
  pages={234--234},
  year={2014},
  organization={IEEE}
}

@article{Procter:2015:SDH:2808704.2754970,
 author = {Procter, Adam and Harrison, William L. and Graves, Ian and Becchi, Michela and Allwein, Gerard},
 title = {Semantics Driven Hardware Design, Implementation, and Verification with ReWire},
 journal = {SIGPLAN Not.},
 issue_date = {May 2015},
 volume = {50},
 number = {5},
 month = jun,
 year = {2015},
 issn = {0362-1340},
 pages = {13:1--13:10},
 articleno = {13},
 numpages = {10},
 url = {http://doi.acm.org/10.1145/2808704.2754970},
 doi = {10.1145/2808704.2754970},
 acmid = {2754970},
 publisher = {ACM},
 address = {New York, NY, USA},
} 

@incollection{sharp20045,
  title={5. High-Level Synthesis of SAFL},
  author={Sharp, Richard},
  booktitle={Higher-Level Hardware Synthesis},
  pages={65--86},
  year={2004},
  publisher={Springer}
}

@inproceedings{serot2012harnessing,
  title={Harnessing parallelism in FPGAs using the hume language},
  author={S{\'e}rot, Jocelyn and Michaelson, Greg},
  booktitle={Proceedings of the 1st ACM SIGPLAN workshop on Functional high-performance computing},
  pages={27--36},
  year={2012},
  organization={ACM}
}

@inproceedings{coole2010intermediate,
  title={Intermediate fabrics: Virtual architectures for circuit portability and fast placement and routing},
  author={Coole, James and Stitt, Greg},
  booktitle={Hardware/Software Codesign and System Synthesis (CODES+ ISSS), 2010 IEEE/ACM/IFIP International Conference on},
  pages={13--22},
  year={2010},
  organization={IEEE}
}


@online{bluespec_bad,
  author = {Jack Whitham},
  title = {What's Bad about Bluespec System Verilog},
year = {2013},
  url = {http://blog.jwhitham.org/2013/07/whats-bad-about-bluespec-system-verilog\_10.html}
}

@inproceedings{nikhil2004bluespec,
  title={Bluespec System Verilog: efficient, correct RTL from high level specifications},
  author={Nikhil, Rishiyur},
  booktitle={Formal Methods and Models for Co-Design, 2004. MEMOCODE'04. Proceedings. Second ACM and IEEE International Conference on},
  pages={69--70},
  year={2004},
  organization={IEEE}
}

@inproceedings{bachrach2012chisel,
  title={Chisel: constructing hardware in a scala embedded language},
  author={Bachrach, Jonathan and Vo, Huy and Richards, Brian and Lee, Yunsup and Waterman, Andrew and Avi{\v{z}}ienis, Rimas and Wawrzynek, John and Asanovi{\'c}, Krste},
  booktitle={Proceedings of the 49th Annual Design Automation Conference},
  pages={1216--1225},
  year={2012},
  organization={ACM}
}

@online{Cx_page,
  author = {Synflow},
  title = {Introducing Cx},
year = {2014},
  url = {http://cx-lang.org/}
}

@incollection{edwards2000kahn,
  title={Kahn process networks},
  author={Edwards, Stephen A},
  booktitle={Languages for Digital Embedded Systems},
  pages={189--195},
  year={2000},
  publisher={Springer}
}

@INPROCEEDINGS{5694295,
author={G. Lhairech-Lebreton and P. Coussy and E. Martin},
booktitle={2010 International Conference on Field Programmable Logic and Applications},
title={Hierarchical and Multiple-Clock Domain High-Level Synthesis for Low-Power Design on FPGA},
year={2010},
pages={464-468},
keywords={application specific integrated circuits;computer architecture;field programmable gate arrays;integrated circuit design;low-power electronics;power aware computing;power consumption;synchronisation;FPGA;Xilinx Virtex-5 device;clock frequency;clock-gating;clock-network;hierarchical multiple-clock domain architectures;high-level synthesis flow;low-power design;modern digital systems;power measurement;power optimization;synchronous multiple-clock domain architectures;wires;FPGA;hardware design;hierarchy;high-level synthesis;low power;multiple-clock domain},
doi={10.1109/FPL.2010.94},
ISSN={1946-147X},
month={Aug},}



@online{avalon,
  author = {Altera},
  title = {Avalon Bus Specification},
year = {2002},
  url = {http://coen.boisestate.edu/clarenceplanting/files/2011/09/avalon\_bus\_spec.pdf}
}

@article{cuadrado2007building,
  title={Building domain-specific languages for model-driven development},
  author={Cuadrado, Jes{\'u}s S{\'a}nchez and Molina, Jes{\'u}s Garc{\'\i}a},
  journal={Software, IEEE},
  volume={24},
  number={5},
  pages={48--55},
  year={2007},
  publisher={IEEE}
}

@inproceedings{lattner2004llvm,
  title={LLVM: A compilation framework for lifelong program analysis \& transformation},
  author={Lattner, Chris and Adve, Vikram},
  booktitle={Code Generation and Optimization, 2004. CGO 2004. International Symposium on},
  pages={75--86},
  year={2004},
  organization={IEEE}
}

@article{wipliez2011software,
  title={Software code generation for the RVC-CAL language},
  author={Wipliez, Matthieu and Roquier, Ghislain and Nezan, Jean-Fran{\c{c}}ois},
  journal={Journal of Signal Processing Systems},
  volume={63},
  number={2},
  pages={203--213},
  year={2011},
  publisher={Springer}
}

@inproceedings{bezati2013high,
  title={High-level synthesis of dataflow programs for signal processing systems},
  author={Bezati, Endri and Mattavelli, Marco and Janneck, J{\"o}rn W},
  booktitle={Image and Signal Processing and Analysis (ISPA), 2013 8th International Symposium on},
  pages={750--754},
  year={2013},
  organization={IEEE}
}

@inproceedings{yviquel2013orcc,
  title={Orcc: Multimedia development made easy},
  author={Yviquel, Herv{\'e} and Lorence, Antoine and Jerbi, Khaled and Cocherel, Gildas and Sanchez, Alexandre and Raulet, Micka{\"e}l},
  booktitle={Proceedings of the 21st ACM international conference on Multimedia},
  pages={863--866},
  year={2013},
  organization={ACM}
}

@inproceedings{hormati2008optimus,
  title={Optimus: efficient realization of streaming applications on FPGAs},
  author={Hormati, Amir and Kudlur, Manjunath and Mahlke, Scott and Bacon, David and Rabbah, Rodric},
  booktitle={Proceedings of the 2008 international conference on Compilers, architectures and synthesis for embedded systems},
  pages={41--50},
  year={2008},
  organization={ACM}
}

@inproceedings{thies2002streamit,
  title={StreamIt: A language for streaming applications},
  author={Thies, William and Karczmarek, Michal and Amarasinghe, Saman},
  booktitle={Compiler Construction},
  pages={179--196},
  year={2002},
  organization={Springer}
}

@article{puschel2005spiral,
  title={SPIRAL: Code generation for DSP transforms},
  author={P{\"u}schel, Markus and Moura, Jos{\'e} MF and Johnson, Jeremy R and Padua, David and Veloso, Manuela M and Singer, Bryan W and Xiong, Jianxin and Franchetti, Franz and Ga{\v{c}}ic, Aca and Voronenko, Yevgen and others},
  journal={Proceedings of the IEEE},
  volume={93},
  number={2},
  pages={232--275},
  year={2005},
  publisher={IEEE}
}

@inproceedings{d2007generating,
  title={Generating fpga-accelerated dft libraries},
  author={D'Alberto, Paolo and Milder, Peter A and Sandryhaila, Aliaksei and Franchetti, Franz and Hoe, James C and Moura, Jos{\'e} MF and Puschel, Markus and Johnson, Jeremy R},
  booktitle={Field-Programmable Custom Computing Machines, 2007. FCCM 2007. 15th Annual IEEE Symposium on},
  pages={173--184},
  year={2007},
  organization={IEEE}
}

@INPROCEEDINGS{7094787,
author={U. M. Mirza and M. A. Arslan and G. Cedersjo and S. M. Sulaman and J. W. Janneck},
booktitle={2014 48th Asilomar Conference on Signals, Systems and Computers},
title={Mapping and scheduling of dataflow graphs: A systematic map},
year={2014},
pages={1843-1847},
keywords={data flow graphs;multiprocessing systems;processor scheduling;computational demands;dataflow graph mapping;dataflow graph scheduling;multiprocessor systems;parallelism demands;streaming applications;systematic map;Bibliographies;Databases;Dynamic scheduling;Optimization;Processor scheduling;Systematics;Throughput},
doi={10.1109/ACSSC.2014.7094787},
month={Nov},}

@article{Bouakaz:2017:SPD:3029795.2999539,
 author = {Bouakaz, Adnan and Fradet, Pascal and Girault, Alain},
 title = {A Survey of Parametric Dataflow Models of Computation},
 journal = {ACM Trans. Des. Autom. Electron. Syst.},
 issue_date = {March 2017},
 volume = {22},
 number = {2},
 month = jan,
 year = {2017},
 issn = {1084-4309},
 pages = {38:1--38:25},
 articleno = {38},
 numpages = {25},
 url = {http://doi.acm.org/10.1145/2999539},
 doi = {10.1145/2999539},
 acmid = {2999539},
 publisher = {ACM},
 address = {New York, NY, USA},
 keywords = {Dataflow graphs, parameterization, reconfiguration, static analysis},
} 
